<?xml version="1.0" encoding="UTF-8" ?><marc:collection xmlns:marc="http://www.loc.gov/MARC21/slim" xmlns:xsi="http://www.w3.org/2001/XMLSchema-instance" xsi:schemaLocation="http://www.loc.gov/MARC21/slim http://www.loc.gov/standards/marcxml/schema/MARC21slim.xsd">
<marc:record><marc:leader>01913cpcaa2200265Ia 4500</marc:leader>
<marc:controlfield tag="001">001695538</marc:controlfield>
<marc:controlfield tag="005">20130813143353.0</marc:controlfield><marc:controlfield tag="008">950314i18021823xxk                 eng d</marc:controlfield><marc:datafield tag="035" ind1=" " ind2=" "><marc:subfield code="a">32148734</marc:subfield></marc:datafield><marc:datafield tag="040" ind1=" " ind2=" "><marc:subfield code="a">NDK</marc:subfield><marc:subfield code="b">eng</marc:subfield><marc:subfield code="c">NDK</marc:subfield><marc:subfield code="d">OCLCQ</marc:subfield><marc:subfield code="d">OCLCG</marc:subfield><marc:subfield code="d">OCLCQ</marc:subfield><marc:subfield code="d">NDD</marc:subfield></marc:datafield><marc:datafield tag="049" ind1=" " ind2=" "><marc:subfield code="a">NDDP</marc:subfield></marc:datafield><marc:datafield tag="100" ind1="1" ind2=" "><marc:subfield code="a">Marcet, Alexander,</marc:subfield><marc:subfield code="d">1770-1822.</marc:subfield></marc:datafield><marc:datafield tag="245" ind1="1" ind2="0"><marc:subfield code="a">Papers,</marc:subfield><marc:subfield code="f">1802-1823 and undated.</marc:subfield></marc:datafield><marc:datafield tag="300" ind1=" " ind2=" "><marc:subfield code="a">86</marc:subfield><marc:subfield code="f">items.</marc:subfield></marc:datafield><marc:datafield tag="545" ind1=" " ind2=" "><marc:subfield code="a">Chemist and physician born in Geneva and educated at Edinburgh University; served at Guy's Hospital in London, England.</marc:subfield></marc:datafield><marc:datafield tag="520" ind1="8" ind2=" "><marc:subfield code="a">Collection of letters, chiefly to Marcet, the majority of which originate with Dr. John Yelloly (1774-1842), physician. Yelloly discusses the Royal Medical and Chirurgical societies at length, comments on Marcet's chemistry work, and congratulates Marcet on his appointment to the military hospital at Plymouth, and later on his appointment as honorary professor of chemistry at Geneva; he also mentions Marcet's wife's own published work on chemistry. Ten letters are from Sir Charles Blagden, and mention Berthollet, Banks, Thomas Young, and Prevost. There are seven letters from Sir Henry Holland asking about the use of Elaterium in cases of dropsy, and twelve letters from Thomas Young (1773-1829), discussing his professional plans, and a paper by Prevost. Includes a letter written in French whose references to Waterhouse and Jenner signal the writer's involvement in the promotion of vaccination. Acquired as part of the History of Medicine Collections at Duke University.</marc:subfield></marc:datafield><marc:datafield tag="500" ind1=" " ind2=" "><marc:subfield code="a">Forms part of the Trent Manuscripts Collection.</marc:subfield></marc:datafield><marc:datafield tag="541" ind1=" " ind2=" "><marc:subfield code="a">Source unknown.</marc:subfield></marc:datafield><marc:datafield tag="650" ind1=" " ind2="0"><marc:subfield code="a">Physicians</marc:subfield><marc:subfield code="v">Correspondence.</marc:subfield></marc:datafield><marc:datafield tag="600" ind1="1" ind2="2"><marc:subfield code="a">Waterhouse, Benjamin,</marc:subfield><marc:subfield code="d">1754-1846.</marc:subfield></marc:datafield><marc:datafield tag="600" ind1="1" ind2="2"><marc:subfield code="a">Jenner, Edward,</marc:subfield><marc:subfield code="d">1749-1823.</marc:subfield></marc:datafield><marc:datafield tag="600" ind1="1" ind2="2"><marc:subfield code="a">Frank, Johann Peter,</marc:subfield><marc:subfield code="d">1745-1821.</marc:subfield></marc:datafield><marc:datafield tag="650" ind1=" " ind2="0"><marc:subfield code="a">Vaccination.</marc:subfield></marc:datafield><marc:datafield tag="700" ind1="1" ind2=" "><marc:subfield code="a">Marcet, Alexander,</marc:subfield><marc:subfield code="d">1770-1822.</marc:subfield></marc:datafield><marc:datafield tag="710" ind1="2" ind2=" "><marc:subfield code="a">History of Medicine Collections (Duke University)</marc:subfield></marc:datafield></marc:record>
</marc:collection>
